<record><leader>00000cas a22000007a 4500</leader><controlfield tag="001">12136367</controlfield><controlfield tag="008">850610d19131946paudn ne      0    0eng d</controlfield><datafield ind1=" " ind2=" " tag="010"><subfield code="a">sn 85054951 </subfield></datafield><datafield ind1=" " ind2=" " tag="040"><subfield code="a">NPH</subfield><subfield code="b">eng</subfield><subfield code="c">NPH</subfield><subfield code="d">OCLCQ</subfield></datafield><datafield ind1=" " ind2=" " tag="042"><subfield code="a">msc</subfield></datafield><datafield ind1="0" ind2="4" tag="245"><subfield code="a">The Clearfield progress.</subfield></datafield><datafield ind1=" " ind2=" " tag="260"><subfield code="a">Clearfield, Pa. :</subfield><subfield code="b">Progressive Pub. Co.,</subfield><subfield code="c">1913-1946.</subfield></datafield><datafield ind1=" " ind2=" " tag="300"><subfield code="a">33 v. :</subfield><subfield code="b">ill.</subfield></datafield><datafield ind1=" " ind2=" " tag="310"><subfield code="a">Daily (except Sunday)</subfield></datafield><datafield ind1="0" ind2=" " tag="362"><subfield code="a">Vol. 7, no. 276 (June 18, 1913)-v. 40, no. 150 (June 26, 1946).</subfield></datafield><datafield ind1=" " ind2=" " tag="752"><subfield code="a">United States</subfield><subfield code="b">Pennsylvania</subfield><subfield code="c">Clearfield</subfield><subfield code="d">Clearfield.</subfield></datafield><datafield ind1="0" ind2="0" tag="780"><subfield code="t">Clearfield progress successor to the Clearfield herald [i.e. herald]</subfield><subfield code="w">(DLC)sn 85054950</subfield></datafield><datafield ind1="0" ind2="0" tag="785"><subfield code="t">Progress (Clearfield, Pa. : 1946)</subfield><subfield code="w">(DLC)sn 85054952</subfield></datafield></record>